@misc{OSHA, title={UNITED STATES DEPARTMENT OF LABOR}, url={https://www.osha.gov/SLTC/etools/computerworkstations/components{\_}monitors.html}, publisher={UNITED STATES DEPARTMENT OF LABOR}}

@misc{tetris, title={Tetris Guideline}, url={https://tetris.fandom.com/wiki/Tetris_Guideline}, journal={Tetris Wiki}}

@misc{wcag, title={Seizures:Understanding Guideline 2.3}, url={https://www.w3.org/TR/UNDERSTANDING-WCAG20/seizure.html}, journal={Understanding Guideline 2.3 | Understanding WCAG 2.0}}

@misc{adl, title={Hate on Displayâ„¢ Hate Symbols Database}, url={https://www.adl.org/hate-symbols}, journal={Anti-Defamation League}}

@misc{contrast, url={https://www.w3.org/WAI/WCAG21/Understanding/contrast-minimum.html}, journal={Understanding Success Criterion 1.4.3: Contrast (Minimum)}}